@article{VANETsim,
	author = {Axel Wegener, Horst Hellbruck AND Christian Wewetzer},
	title = {VANET Simulation Environment with Feedback Loop and its Application to Traffic Light Assistance},
	year = {2008},
    journal = {IEEE}
}
